@book{java_simulations,
title={Creación de simulaciones interactivas en Java: aplicación a la enseñanza de la física},
author={Francisco Esquembre},
year={2005},
publisher={Pearson Educación},
keywords = {Java, simulación}
}


@book{fisicauma1,
title={Curso de fundamentos físicos de la informática},
author={Inmaculada Alados Arboledas; Esperanza Liger Pérez; José Manuel Peula García; Juan Miguel Vargas Domínguez},
year={2006},
publisher={Universidad de Málaga},
keywords = {física}
}

@book{serway2,
title={Física para ciencias e ingeniería con Física Moderna. Volumen 2.},
author={Raymond A Serway, John W Jewett Jr},
year={2006},
keywords = {física}
}

@book{tipler,
title={Física para la ciencia y la tecnología. II},
author={Tipler, Paul Allen, and Gene Mosca},
publisher={Reverté},
year={2004},
keywords = {física}
}

@book{universoelegante,
title={El universo elegante},
author={Brian Greene},
year={1999},
keywords = {física, teoria de cuerdas, dimensiones}
}

@book{fisicauma2,
title={Experiencias de laboratorio de fundamentos físicos},
author={Inmaculada Alados Arboledas; Esperanza Liger Pérez; José Manuel Peula García; Juan Miguel Vargas Domínguez},
year={2018},
publisher={Universidad de Málaga},
keywords = {física}
}

@article{historiacomputador,
    author =       "Heredia, Diego Pareja",
    title =        "BREVE HISTORIA DEL COMPUTADOR.",
    pages =        "16--17",
    year =         "2008",
    keywords =     "Z1, historia, computadores"
}

@online{computadorCuanticoIBM,
    author    = "Chow J., Dial O. y Gambetta J. ",
    title     = "IBM Quantum breaks the 100 qubit processor barrier | IBM Research Blog. IBM Research ",
    url       = "https://research.ibm.com/blog/127-qubit-quantum-processor-eagle?social_post=5922821977&amp;linkId=140350920",
    keywords  = "quantum, physics, computer"
}

@online{javaScriptDOM,
    author    = "WHATWG",
    title     = "DOM ",
    url       = "https://dom.spec.whatwg.org/",
    keywords  = "JavaScript, HTML, CSS, DOM"
}



@online{simulacionesColorado,
    author    = "University of Colorado Boulder",
    title     = "Interactive Simulations for Science and Math",
    url       = "https://phet.colorado.edu/",
    keywords  = "física, matemáticas, ciencias, simulaciones"
}

@online{simulacionComputador,
    author    = "Wikipedia la enciclopedia libre",
    title     = "Simulación por computadora",
    url       = "https://es.wikipedia.org/wiki/Simulaci%C3%B3n_por_computadora#:%7E:text=La%20simulaci%C3%B3n%20por%20computadora%20se,emple%C3%B3%20el%20M%C3%A9todo%20de%20Montecarlo.",
    keywords  = "computador, simulaciones"
}

@online{intro_circuitos_RC,
    author    = "openstax",
    title     = "Circuitos RC",
    url       = "https://openstax.org/books/f%C3%ADsica-universitaria-volumen-2/pages/10-5-circuitos-rc",
    keywords  = "física, circuito RC"
}


@online{aplicacionesyapplets,
    author    = "NTT Data",
    title     = "Aplicaciones y Applets",
    url       = "https://ifgeekthen.nttdata.com/es/aplicaciones-y-applets",
    keywords  = "java, JVM, seguridad, applets"
}

@online{etiquetasbasicashtml,
    author    = "w3schools",
    title     = "HTML Tags",
    url       = "https://www.w3schools.com/tags/",
    keywords  = "HTML, tags"
}





@online{web1.0,
    author    = "Wikipedia la enciclopedia libre",
    title     = "Web 1.0",
    url       = "https://es.wikipedia.org/wiki/Web_1.0",
    keywords  = "web, internet, historia"
}

@online{web2.0,
    author    = "Wikipedia la enciclopedia libre",
    title     = "Web 2.0",
    url       = "https://es.wikipedia.org/wiki/Web_2.0",
    keywords  = "web, internet, historia"
}

@online{whatisAPI,
    author    = "AWS",
    title     = "¿Qué son las integraciones de las API?",
    url       = "https://aws.amazon.com/es/what-is/api/",
    keywords  = "API REST"
}

@online{elocuentJS,
    author    = "Marijn Haverbeke",
    title     = "Eloquent JavaScript",
    url       = "https://eloquentjavascript.net/",
    keywords  = "JavaScript"
}

@article{metodologiasSoftware,
    author =       "Ojeda, J. Cervantes, and María del Carmen Gómez Fuentes",
    title =        "Taxonomía de los modelos y metodologías de desarrollo de software más utilizados.",
    year =         "2012",
    keywords =     "software, planificación"
}

@online {publicacionSimulacionNasa,
    author   = "NASA [@NASA]",
    title    = "Visualize a mind-bending black hole. The gravity of a black hole is so intense, it distorts its surroundings like.",
    year  = "2019",
    url   = "https://twitter.com/nasa/status/1177025023867006976",
    keywords = "black hole, simulacion"
}

@misc {vsCode,
    author   = "Microsoft",
    title    = "Visual Studio Code",
    url   = "https://code.visualstudio.com/",
    keywords = "editor, programación"
}

@misc {htmldef,
    author   = "Web Hypertext Application Technology Working Group (WHATWG)",
    title    = "HTML",
    howpublished   = {\url{https://html.spec.whatwg.org/}},
    keywords = "web, programación"
}

@misc {cssdef,
    author   = "World Wide Web Consortium (W3C)",
    title    = "CSS: Cascading Style Sheets",
    howpublished   = {\url{https://www.w3.org/Style/CSS/Overview.en.html}},
    keywords = "web, programación, estilos en cascada"
}

@misc {selectoresCSS,
    author   = "MDN",
    title    = "CSS selectors",
    howpublished   = {\url{https://developer.mozilla.org/en-US/docs/Web/CSS/CSS_Selectors}},
    keywords = "web, programación, estilos en cascada"
}



@misc {cssdef,
    author   = "World Wide Web Consortium (W3C)",
    title    = "CSS: Cascading Style Sheets",
    howpublished   = {\url{https://www.w3.org/Style/CSS/Overview.en.html}},
    keywords = "web, programación, estilos en cascada"
}

@misc {jsdef,
    author   = "MDN",
    title    = "JavaScript",
    howpublished   = {\url{https://developer.mozilla.org/en-US/docs/Web/JavaScript}},
    keywords = "web, programación"
}

@misc { nodejsdef,
    author = "OpenJS Foundation",
    title  = "NodeJs",
    howpublished = {\url{https://nodejs.org/en/}},
    keywords = "programación, JavaScript, entorno"
}

@misc { reactjsdef,
    author = "Jordan Walke",
    title  = "React",
    howpublished = {\url{https://reactjs.org/}},
    keywords = "programación, JavaScript, UI, web"
}

@misc {reactComponent,
    author = "Jordan Walke",
    title  = "React Component",
    howpublished = {\url{https://reactjs.org/docs/react-component.html}},
    keywords = "programación, JavaScript, UI, web, ReactJS, components"
}

@misc {matplotlib,
    title  = "Matplotlib",
    howpublished = {\url{https://matplotlib.org/}},
    keywords = "maths, matplotlib, python, charts"
}

@misc {numpy,
    title="numpy",
    howpublished = {\url{https://numpy.org/}},
    keywords = "maths, numpy, python, charts"
}



@misc { bootstrapdef,
    author = "Mark Otto, Jacob Thornton",
    title  = "Bootstrap",
    howpublished = {\url{https://getbootstrap.com/docs/5.2/getting-started/introduction/}},
    keywords = "programación, CSS, UI, web"
}


@misc {ieesoftware,
    author = "Institute of Electrical and Electronics Engineers",
    title  = "IEEE",
    howpublished = {\url{https://www.ieee.org/}},
    keywords = "IEEE"
}


@article{inicioWeb,
    author =       "Tabarés Gutiérrez, Raúl",
    title =        "El inicio de la Web: historia y cronología del hipertexto hasta HTML 4.0 (1990-99).",
    year =         "2012",
    keywords =     "historia, web, internet, origen"
}


